<?xml version="1.0" encoding="UTF-8"?><collection xmlns="http://www.loc.gov/MARC21/slim"><record><leader>00560nam--2200157-i-4500</leader><controlfield tag="001">000014718</controlfield><controlfield tag="002">20161230</controlfield><controlfield tag="005">20161230201031</controlfield><controlfield tag="008">060222s1000------------r-----000-0-eng-d</controlfield><datafield ind1=" " ind2=" " tag="040"><subfield code="a">IFIN-HH</subfield></datafield><datafield ind1=" " ind2=" " tag="080"><subfield code="a">539.12:539.142</subfield></datafield><datafield ind1="1" ind2=" " tag="100"><subfield code="a">Chand,Ramesh</subfield></datafield><datafield ind1="1" ind2="0" tag="245"><subfield code="a">Symmetries and quark models</subfield><subfield code="b">Proceedings of the international conference held at wayne state university detroit, michigaan, june 18-20, 1969</subfield><subfield code="c">Ramesh chand (ed.)</subfield></datafield><datafield ind1=" " ind2=" " tag="260"><subfield code="a">New York,, Xi + 406 P</subfield><subfield code="b">Gordon And Breach Science Publishers</subfield><subfield code="c">1970</subfield></datafield><datafield ind1=" " ind2=" " tag="852"><subfield code="a">34239</subfield><subfield code="c">539.12</subfield></datafield><datafield ind1=" " ind2=" " tag="CAT"><subfield code="a">Sys</subfield><subfield code="c">20111121</subfield><subfield code="h">141217</subfield></datafield></record></collection>